@misc{cite:english_mind_play_store,
    title = {English Mind on Google Play},
    howpublished = {\url{https://play.google.com/store/apps/details?id=app.englishmind.english_mind}},
    note = {Accessed: 2024-10-20},
    author = {English Mind s.r.o.}
}

@misc{cite:english_mind_app_store,
    title = {English Mind on App Store},
    howpublished = {\url{https://apps.apple.com/cz/app/english-mind/id6478237004}},
    note = {Accessed: 2024-10-20},
    author = {English Mind s.r.o.}
}

@misc{cite:english_mind_website,
  author = {English Mind},
  howpublished = {\url{https://www.englishmind.app}},
  year = {2024},
  note = {Accessed: 2024-10-20}
}

@article{cite:nation2006_how_large_vocabulary_is_needed,
  title={How large a vocabulary is needed for reading and listening?},
  author={Nation, I},
  journal={Canadian modern language review},
  volume={63},
  number={1},
  pages={59--82},
  year={2006},
  publisher={University of Toronto Press}
}

@article{cite:rhkj2006_longterm_retention,
  title={Test-enhanced learning: Taking memory tests improves long-term retention},
  author={Roediger III, Henry L and Karpicke, Jeffrey D},
  journal={Psychological science},
  volume={17},
  number={3},
  pages={249--255},
  year={2006},
  publisher={SAGE Publications Sage CA: Los Angeles, CA}
}

@article{cite:ebbinghaus2013_memory_contribution_to_experimantal_psychology,
  title={Memory: A contribution to experimental psychology},
  author={Ebbinghaus, Hermann},
  journal={Annals of neurosciences},
  volume={20},
  number={4},
  pages={155},
  year={2013},
  publisher={SAGE Publications}
}

@article{cite:kang2016_spaced_repetiton_promotes_efficient_learning,
  title={Spaced repetition promotes efficient and effective learning: Policy implications for instruction},
  author={Kang, Sean HK},
  journal={Policy Insights from the Behavioral and Brain Sciences},
  volume={3},
  number={1},
  pages={12--19},
  year={2016},
  publisher={SAGE Publications Sage CA: Los Angeles, CA}
}

@misc{cite:wordup,
  author       = {WordUp},
  howpublished = {\url{https://www.wordupapp.co/}},
  year         = {2024},
  note         = {Accessed: 2024-10-24}
}

@misc{cite:duocards,
  author       = {DuoCards},
  howpublished = {\url{https://duocards.com/cs/}},
  year         = {2024},
  note         = {Accessed: 2024-10-24}
}

@misc{cite:duolingo,
  author       = {Duolingo},
  howpublished = {\url{https://www.duolingo.com/}},
  year         = {2024},
  note         = {Accessed: 2024-10-24}
}

@misc{cite:wordup_google_play,
  author       = {Google Play},
  title = {WordUp | AI Vocabulary Builder},
  howpublished = {\url{https://play.google.com/store/apps/details?id=co.wordupapp.app}},
  year         = {2024},
  note         = {Accessed: 2024-10-24}
}

@misc{cite:duocards_google_play,
  author       = {Google Play},
  title = {DuoCards - Language Flashcards},
  howpublished = {\url{https://play.google.com/store/apps/details?id=com.duocards.app}},
  year         = {2024},
  note         = {Accessed: 2024-10-28}
}

@misc{cite:duolingo_2024q2,
    title = {Duolingo Hits 100M MAUs, Reports 59\% DAU growth and 41\% Revenue Growth in Second Quarter 2024},
    author = {{Duolingo Inc.}},
    year = {2024},
    month = {August},
    day = {7},
    note = {Press Release},
    url = {investors.duolingo.com},
    howpublished = {\url{https://investors.duolingo.com/node/9966/pdf}},
    organization = {Duolingo},
    type = {Press Release}
}

@inproceedings{cite:deterding2011_gamefulness,
author = {Deterding, Sebastian and Dixon, Dan and Khaled, Rilla and Nacke, Lennart},
year = {2011},
month = {09},
pages = {9-15},
title = {From Game Design Elements to Gamefulness: Defining Gamification},
volume = {11},
journal = {Proceedings of the 15th International Academic MindTrek Conference: Envisioning Future Media Environments, MindTrek 2011},
}

@inproceedings{cite:govender2021_gamification_elements_in_language_learning_apps,
author = {Govender, Terence and Arnedo-Moreno, Joan},
title = {A Survey on Gamification Elements in Mobile Language-Learning Applications},
year = {2021},
isbn = {9781450388504},
publisher = {Association for Computing Machinery},
address = {New York, NY, USA},
url = {https://doi.org/10.1145/3434780.3436597},
booktitle = {Eighth International Conference on Technological Ecosystems for Enhancing Multiculturality},
pages = {669–676},
numpages = {8},
keywords = {mobile, language learning, gamification, gameful elements, education, e-learning},
location = {Salamanca, Spain},
series = {TEEM'20}
}

@misc{cite:google_flutter_case_studies,
    title = {Flutter Case Studies},
    author = {{Google}},
    year = {2025},
    howpublished = {\url{https://flutter.dev/showcase}},
    note = {Accessed: 2025-05-10}
}

@article{nation2014_how_much_to_learn,
  title={How much input do you need to learn the most frequent 9,000 words?},
  author={Nation, Paul},
  year={2014},
  month={October},
  publisher={University of Hawaii National Foreign Language Resource Center},
  journal={Reading in a Foreign Language},
  volume={26},
  number={2},
  pages={1--16},
}

@misc{cite:flutter_framework,
    title = {Flutter - Build apps for any screen},
    author = {{Google}},
    year = {2025},
    howpublished = {\url{https://flutter.dev/}},
    note = {Accessed: 2025-05-10}
}

@book{cite:clean_architecture,
    title = {Clean Architecture: A Craftsman's Guide to Software Structure and Design},
    author = {Robert C. Martin},
    year = {2017},
    publisher = {Pearson},
    isbn = {978-0134494166}
}

@misc{cite:firebase_firestore,
    title = {Cloud Firestore Documentation},
    author = {{Google}},
    year = {2025},
    howpublished = {\url{https://firebase.google.com/docs/firestore}},
    note = {Accessed: 2025-05-10}
}

@misc{cite:microsoft_translator,
    title = {Microsoft Translator Documentation},
    author = {{Microsoft}},
    year = {2025},
    howpublished = {\url{https://learn.microsoft.com/en-us/azure/ai-services/translator/}},
    note = {Accessed: 2025-05-10}
}

@misc{cite:solid_principles,
    title = {SOLID Principles},
    author = {Robert C. Martin},
    year = {2000},
    howpublished = {\url{https://web.archive.org/web/20200916100829/http://www.butunclebob.com/ArticleS.UncleBob.PrinciplesOfOod}},
    note = {Accessed: 2025-05-10}
}

@misc{cite:melos,
    title = {Melos - A tool for managing Dart and Flutter projects with multiple packages},
    author = {{Invertase}},
    year = {2025},
    howpublished = {\url{https://melos.invertase.dev/}},
    note = {Accessed: 2025-05-10}
}

@misc{cite:widgetbook,
    title = {Widgetbook - The Flutter Storybook},
    author = {{Widgetbook GmbH}},
    year = {2025},
    howpublished = {\url{https://widgetbook.io/}},
    note = {Accessed: 2025-05-10}
}

@article{cite:widgetbook_efficiency,
    title = {Component-Based Software Engineering: A Survey of Research Issues},
    author = {Heineman, George T. and Councill, William T.},
    journal = {Component-Based Software Engineering: Putting the Pieces Together},
    pages = {1--24},
    year = {2001},
    publisher = {Addison-Wesley Professional},
    doi = {10.1145/505008.505009}
}

@article{cite:design_system_validation,
    title = {A Systematic Review of Design System Research},
    author = {Buchanan, Richard and Margolin, Victor},
    journal = {Design Issues},
    volume = {11},
    number = {2},
    pages = {5--20},
    year = {1995},
    publisher = {MIT Press},
    doi = {10.2307/1511612}
}

@misc{cite:source_code_repository,
    title = {Gamification for English Vocabulary Learning - Source Code},
    author = {Petr Nejedlý},
    year = {2025},
    howpublished = {\url{https://github.com/nejedlypetr/gamification-for-english-vocabulary-learning}},
}

@misc{cite:figma,
    title = {Figma - The Collaborative Interface Design Tool},
    author = {{Figma}},
    year = {2025},
    howpublished = {\url{https://www.figma.com/}},
    note = {Accessed: 2025-05-10}
}

