@misc{cite:english_mind_play_store,
    title = {English Mind on Google Play},
    howpublished = {\url{https://play.google.com/store/apps/details?id=app.englishmind.english_mind}},
    note = {Accessed: 2024-10-20},
    author = {English Mind s.r.o.}
}

@misc{cite:english_mind_app_store,
    title = {English Mind on App Store},
    howpublished = {\url{https://apps.apple.com/cz/app/english-mind/id6478237004}},
    note = {Accessed: 2024-10-20},
    author = {English Mind s.r.o.}
}

@misc{cite:english_mind_website,
  author = {English Mind},
  howpublished = {\url{https://www.englishmind.app}},
  year = {2024},
  note = {Accessed: 2024-10-20}
}

@article{cite:nation2006_how_large_vocabulary_is_needed,
  title={How large a vocabulary is needed for reading and listening?},
  author={Nation, I},
  journal={Canadian modern language review},
  volume={63},
  number={1},
  pages={59--82},
  year={2006},
  publisher={University of Toronto Press}
}

@article{cite:rhkj2006_longterm_retention,
  title={Test-enhanced learning: Taking memory tests improves long-term retention},
  author={Roediger III, Henry L and Karpicke, Jeffrey D},
  journal={Psychological science},
  volume={17},
  number={3},
  pages={249--255},
  year={2006},
  publisher={SAGE Publications Sage CA: Los Angeles, CA}
}

@article{cite:ebbinghaus2013_memory_contribution_to_experimantal_psychology,
  title={Memory: A contribution to experimental psychology},
  author={Ebbinghaus, Hermann},
  journal={Annals of neurosciences},
  volume={20},
  number={4},
  pages={155},
  year={2013},
  publisher={SAGE Publications}
}

@article{cite:kang2016_spaced_repetiton_promotes_efficient_learning,
  title={Spaced repetition promotes efficient and effective learning: Policy implications for instruction},
  author={Kang, Sean HK},
  journal={Policy Insights from the Behavioral and Brain Sciences},
  volume={3},
  number={1},
  pages={12--19},
  year={2016},
  publisher={SAGE Publications Sage CA: Los Angeles, CA}
}

@misc{cite:wordup,
  author       = {WordUp},
  howpublished = {\url{https://www.wordupapp.co/}},
  year         = {2024},
  note         = {Accessed: 2024-10-24}
}

@misc{cite:duocards,
  author       = {DuoCards},
  howpublished = {\url{https://duocards.com/cs/}},
  year         = {2024},
  note         = {Accessed: 2024-10-24}
}

@misc{cite:duolingo,
  author       = {Duolingo},
  howpublished = {\url{https://www.duolingo.com/}},
  year         = {2024},
  note         = {Accessed: 2024-10-24}
}

@misc{cite:wordup_google_play,
  author       = {Google Play},
  title = {WordUp | AI Vocabulary Builder},
  howpublished = {\url{https://play.google.com/store/apps/details?id=co.wordupapp.app}},
  year         = {2024},
  note         = {Accessed: 2024-10-24}
}

@misc{cite:duocards_google_play,
  author       = {Google Play},
  title = {DuoCards - Language Flashcards},
  howpublished = {\url{https://play.google.com/store/apps/details?id=com.duocards.app}},
  year         = {2024},
  note         = {Accessed: 2024-10-28}
}

@misc{cite:duolingo_2024q2,
    title = {Duolingo Hits 100M MAUs, Reports 59\% DAU growth and 41\% Revenue Growth in Second Quarter 2024},
    author = {{Duolingo Inc.}},
    year = {2024},
    month = {August},
    day = {7},
    note = {Press Release},
    url = {investors.duolingo.com},
    howpublished = {\url{https://investors.duolingo.com/node/9966/pdf}},
    organization = {Duolingo},
    type = {Press Release}
}












@article{nation2014_how_much_to_learn,
  title={How much input do you need to learn the most frequent 9,000 words?},
  author={Nation, Paul},
  year={2014},
  month={October},
  publisher={University of Hawaii National Foreign Language Resource Center},
  journal={Reading in a Foreign Language},
  volume={26},
  number={2},
  pages={1--16},
}